@article{yuan2016deepgene,
  title={DeepGene: an advanced cancer type classifier based on deep learning and somatic point mutations},
  author={Yuan, Yuchen and Shi, Yi and Li, Changyang and Kim, Jinman and Cai, Weidong and Han, Zeguang and Feng, David Dagan},
  journal={BMC bioinformatics},
  volume={17},
  number={17},
  pages={476},
  year={2016},
  publisher={BioMed Central}
}

@misc{tensorflow_api,
  title = {Tensorflow API (v1.4)},
  url = {https://www.tensorflow.org/versions/r1.4/api_docs/python/},
  year = {2018},
  lastaccessed = {2018-06-17}
}

@inproceedings{ke2017lightgbm,
  title={LightGBM: A highly efficient gradient boosting decision tree},
  author={Ke, Guolin and Meng, Qi and Finley, Thomas and Wang, Taifeng and Chen, Wei and Ma, Weidong and Ye, Qiwei and Liu, Tie-Yan},
  booktitle={Advances in Neural Information Processing Systems},
  pages={3149--3157},
  year={2017}
}

@inproceedings{meng2016communication,
  title={A communication-efficient parallel algorithm for decision tree},
  author={Meng, Qi and Ke, Guolin and Wang, Taifeng and Chen, Wei and Ye, Qiwei and Ma, Zhi-Ming and Liu, Tieyan},
  booktitle={Advances in Neural Information Processing Systems},
  pages={1279--1287},
  year={2016}
}

@misc{dmtk_project,
  title = {DMTK Project},
  howpublished = {https://github.com/microsoft/dmtk},
  year = {2018}, 
  lastaccessed = {2018-06-17}
}

@misc{lightgbm_examples,
  title = {LightGBM examples},
  url = {https://github.com/Microsoft/LightGBM/blob/master/examples/README.md},
  year = {2018},
  lastaccessed = {2018-06-17}
}

@misc{lightgbm_guide,
  title = {What is LightGBM, How to implement it? How to fine tune the parameters?},
  howpublished = {https://medium.com/@pushkarmandot/https-medium-com-pushkarmandot-what-is-lightgbm-how-to-implement-it-how-to-fine-tune-the-parameters-60347819b7fc},
  year = {2018},
  lastaccessed = {2018-06-17}
}

@article{zeiler2012adadelta,
  title={ADADELTA: an adaptive learning rate method},
  author={Zeiler, Matthew D},
  journal={arXiv preprint arXiv:1212.5701},
  year={2012}
}

@article{cohen2018detection,
  title={Detection and localization of surgically resectable cancers with a multi-analyte blood test},
  author={Cohen, Joshua D and Li, Lu and Wang, Yuxuan and Thoburn, Christopher and Afsari, Bahman and Danilova, Ludmila and Douville, Christopher and Javed, Ammar A and Wong, Fay and Mattox, Austin and others},
  journal={Science},
  pages={eaar3247},
  year={2018},
  publisher={American Association for the Advancement of Science}
}

@article{kalinich2018cancer,
  title={Cancer detection: Seeking signals in blood},
  author={Kalinich, Mark and Haber, Daniel A},
  journal={Science},
  volume={359},
  number={6378},
  pages={866--867},
  year={2018},
  publisher={American Association for the Advancement of Science}
}

@article{sanger1977dna,
  title={DNA sequencing with chain-terminating inhibitors},
  author={Sanger, Frederick and Nicklen, Steven and Coulson, Alan R},
  journal={Proceedings of the national academy of sciences},
  volume={74},
  number={12},
  pages={5463--5467},
  year={1977},
  publisher={National Acad Sciences}
}

@article{anderson1981shotgun,
  title={Shotgun DNA sequencing using cloned DNase I-generated fragments},
  author={Anderson, Stephen},
  journal={Nucleic acids research},
  volume={9},
  number={13},
  pages={3015--3027},
  year={1981},
  publisher={Oxford University Press}
}

@article{ansorge2009next,
  title={Next-generation DNA sequencing techniques},
  author={Ansorge, Wilhelm J},
  journal={New biotechnology},
  volume={25},
  number={4},
  pages={195--203},
  year={2009},
  publisher={Elsevier}
}

@article{ezkurdia2014multiple,
  title={Multiple evidence strands suggest that there may be as few as 19 000 human protein-coding genes},
  author={Ezkurdia, Iakes and Juan, David and Rodriguez, Jose Manuel and Frankish, Adam and Diekhans, Mark and Harrow, Jennifer and Vazquez, Jesus and Valencia, Alfonso and Tress, Michael L},
  journal={Human molecular genetics},
  volume={23},
  number={22},
  pages={5866--5878},
  year={2014},
  publisher={Oxford University Press}
}
